<?xml version="1.0" encoding="UTF-8"?><collection xmlns="http://www.loc.gov/MARC21/slim"><record><leader>00720nam--2200193-i-4500</leader><controlfield tag="001">000039549</controlfield><controlfield tag="002">20161230</controlfield><controlfield tag="005">20161230201042</controlfield><controlfield tag="008">060222s1000------------r-----000-0-eng-d</controlfield><datafield ind1=" " ind2=" " tag="020"><subfield code="a">0720402905</subfield></datafield><datafield ind1=" " ind2=" " tag="040"><subfield code="a">IFIN-HH</subfield></datafield><datafield ind1=" " ind2=" " tag="080"><subfield code="a">539.122(061.3):539.124(061.3):539.12.162.8(061.3)</subfield></datafield><datafield ind1="1" ind2=" " tag="100"><subfield code="a">Rollnik, H</subfield></datafield><datafield ind1="1" ind2="0" tag="245"><subfield code="a">Proceedings 6th international symposium on electron and photon interactions at high energies</subfield><subfield code="b">Physikalisches institut, university of bonn, federal republic of germany august, 27-31, 1973</subfield><subfield code="c">H. rollnik, w. pfeil (eds.)</subfield></datafield><datafield ind1=" " ind2=" " tag="260"><subfield code="a">Amsterdam</subfield><subfield code="b">North-holland Publishing Compmpany</subfield><subfield code="c">1974</subfield></datafield><datafield ind1=" " ind2=" " tag="300"><subfield code="a">VIII + 577 P</subfield></datafield><datafield ind1="1" ind2=" " tag="700"><subfield code="a">Pfeil, W</subfield><subfield code="e">Ed</subfield></datafield><datafield ind1=" " ind2=" " tag="852"><subfield code="a">42993</subfield><subfield code="c">539.131</subfield></datafield><datafield ind1=" " ind2=" " tag="CAT"><subfield code="a">Sys</subfield><subfield code="c">20120309</subfield><subfield code="h">140010</subfield></datafield></record></collection>